<record><leader>00000cas a2200000 a 4500</leader><controlfield tag="001">27985078</controlfield><controlfield tag="008">930426d18891905iluuu n r     0    0lit c</controlfield><datafield ind1=" " ind2=" " tag="010"><subfield code="a">sn 93030458 </subfield></datafield><datafield ind1=" " ind2=" " tag="040"><subfield code="a">HUL</subfield><subfield code="b">eng</subfield><subfield code="c">HUL</subfield><subfield code="d">WAU</subfield><subfield code="d">OCLCQ</subfield><subfield code="d">OCLCF</subfield></datafield><datafield ind1=" " ind2=" " tag="012"><subfield code="i">9304</subfield></datafield><datafield ind1="1" ind2=" " tag="029"><subfield code="a">AU@</subfield><subfield code="b">000025877207</subfield></datafield><datafield ind1=" " ind2=" " tag="042"><subfield code="a">pcc</subfield></datafield><datafield ind1=" " ind2=" " tag="043"><subfield code="a">e-li---</subfield></datafield><datafield ind1="1" ind2="4" tag="050"><subfield code="a">DK505</subfield><subfield code="b">.V37</subfield></datafield><datafield ind1="0" ind2=" " tag="130"><subfield code="a">Varpas (Sovetsk, Kaliningradskai&#65056;a&#65057; oblast&#697;, Russia)</subfield></datafield><datafield ind1="1" ind2="0" tag="245"><subfield code="a">Varpas.</subfield></datafield><datafield ind1=" " ind2=" " tag="260"><subfield code="a">Chicago, Ill. :</subfield><subfield code="b">Lietuviu&#808; Istorijos Draugija,</subfield><subfield code="c">1989.</subfield></datafield><datafield ind1=" " ind2=" " tag="300"><subfield code="a">5 v. ;</subfield><subfield code="c">29 cm.</subfield></datafield><datafield ind1="0" ind2=" " tag="362"><subfield code="a">M. 1, num. 1 (saus. 1889)-m. 17, nr. 11 ir 12 (1905).</subfield></datafield><datafield ind1=" " ind2=" " tag="500"><subfield code="a">Edited by Vincas Kudirka.</subfield></datafield><datafield ind1=" " ind2=" " tag="515"><subfield code="a">Some numbers issued in combined form.</subfield></datafield><datafield ind1=" " ind2=" " tag="580"><subfield code="a">Reprint of Lithuanian-language newspaper published during the Lithuanian press ban. Originally published monthly in Tilz&#780;e&#772;je [Tilsit; present day Sovetsk]. Founded by a clandestine society of Lithuanian students in Warsaw "Lietuva". Continued in 1953 by a publication with the same title published in Brooklyn, New York, N.Y.</subfield></datafield><datafield ind1=" " ind2=" " tag="580"><subfield code="a">Reprinted as tomas IX 1/4 (31-34)-tomas XIII 1/4 (47-50) of: Lietuviu&#808; tautos praeitis.</subfield></datafield><datafield ind1=" " ind2="0" tag="651"><subfield code="a">Lithuania</subfield><subfield code="v">Newspapers.</subfield></datafield><datafield ind1=" " ind2="0" tag="651"><subfield code="a">Lithuania</subfield><subfield code="x">History</subfield><subfield code="v">Newspapers.</subfield></datafield><datafield ind1=" " ind2="7" tag="655"><subfield code="a">History.</subfield><subfield code="2">fast</subfield><subfield code="0">(OCoLC)fst01411628</subfield></datafield><datafield ind1=" " ind2="7" tag="655"><subfield code="a">Newspapers.</subfield><subfield code="2">fast</subfield><subfield code="0">(OCoLC)fst01423814</subfield></datafield><datafield ind1=" " ind2="7" tag="651"><subfield code="a">Lithuania.</subfield><subfield code="2">fast</subfield><subfield code="0">(OCoLC)fst01227863</subfield></datafield><datafield ind1="1" ind2=" " tag="700"><subfield code="a">Kudirka, Vincas,</subfield><subfield code="d">1858-1899.</subfield></datafield><datafield ind1="2" ind2=" " tag="710"><subfield code="a">Lietuviu&#808; istorijos draugija.</subfield></datafield><datafield ind1="2" ind2=" " tag="710"><subfield code="a">Lietuva (Student society : Warsaw, Poland)</subfield></datafield><datafield ind1="0" ind2=" " tag="730"><subfield code="a">Lietuviu&#808; tautos praeitis.</subfield></datafield><datafield ind1=" " ind2=" " tag="752"><subfield code="a">Russia (Federation)</subfield><subfield code="b">Kaliningradskai&#65056;a&#65057; oblast&#697;</subfield><subfield code="d">Sovetsk.</subfield></datafield><datafield ind1="1" ind2=" " tag="775"><subfield code="t">Varpas (Sovetsk, Kaliningradskai&#65056;a&#65057; oblast&#697;, Russia)</subfield><subfield code="w">(OCoLC)46944180</subfield></datafield><datafield ind1="1" ind2="0" tag="785"><subfield code="t">Varpas (New York, N.Y.)</subfield></datafield><datafield ind1="1" ind2=" " tag="787"><subfield code="t">Lietuviu&#808; tautos praeitis</subfield><subfield code="x">0091-4347</subfield><subfield code="w">(DLC)   73643958</subfield><subfield code="w">(OCoLC)1786997</subfield></datafield><datafield ind1=" " ind2=" " tag="850"><subfield code="a">MH</subfield></datafield></record>